<?xml version="1.0" encoding="UTF-8"?><record xmlns="http://www.loc.gov/MARC21/slim" xmlns:cinclude="http://apache.org/cocoon/include/1.0" xmlns:zs="http://www.loc.gov/zing/srw/">
  <leader>00857nz  a2200157n  4500</leader>
  <controlfield tag="001">no2006121817</controlfield>
  <controlfield tag="003">DLC</controlfield>
  <controlfield tag="005">20061116075212.0</controlfield>
  <controlfield tag="008">061108n| acannaabn          |a ana     c</controlfield>
  <datafield tag="010" ind1=" " ind2=" ">
    <subfield code="a">no2006121817</subfield>
  </datafield>
  <datafield tag="035" ind1=" " ind2=" ">
    <subfield code="a">(OCoLC)oca07251428</subfield>
  </datafield>
  <datafield tag="040" ind1=" " ind2=" ">
    <subfield code="a">AzTeS</subfield>
    <subfield code="b">eng</subfield>
    <subfield code="c">AzTeS</subfield>
  </datafield>
  <datafield tag="110" ind1="2" ind2=" ">
    <subfield code="a">Latina/o Policy Research Initiative</subfield>
  </datafield>
  <datafield tag="410" ind1="2" ind2=" ">
    <subfield code="a">University of Arizona.</subfield>
    <subfield code="b">College of Humanities.</subfield>
    <subfield code="b">Latina/o Policy Research Initiative</subfield>
  </datafield>
  <datafield tag="410" ind1="2" ind2=" ">
    <subfield code="a">University of Arizona.</subfield>
    <subfield code="b">Latina/o Policy Research Initiative</subfield>
  </datafield>
  <datafield tag="670" ind1=" " ind2=" ">
    <subfield code="a">The road to higher education, 2006:</subfield>
    <subfield code="b">t.p. verso (The Latina/o Policy Research Initiative in the College of Humanities, The University of Arizona) p. 47 (The Latina/o Policy Research Initiative, sponsored by The University of Arizona College of Humanities, is a public policy research initative designed to bridge the gap between academic research and public policy)</subfield>
  </datafield>
</record>